@article{banh2023generative,
  title={Generative artificial intelligence},
  author={Banh, Leonardo and Strobel, Gero},
  journal={Electronic Markets},
  volume={33},
  number={1},
  pages={63},
  year={2023},
  publisher={Springer}
}

@article{ooi2025potential,
  title={The potential of generative artificial intelligence across disciplines: Perspectives and future directions},
  author={Ooi, Keng-Boon and Tan, Garry Wei-Han and Al-Emran, Mostafa and Al-Sharafi, Mohammed A and Capatina, Alexandru and Chakraborty, Amrita and Dwivedi, Yogesh K and Huang, Tzu-Ling and Kar, Arpan Kumar and Lee, Voon-Hsien and others},
  journal={Journal of Computer Information Systems},
  volume={65},
  number={1},
  pages={76--107},
  year={2025},
  publisher={Taylor \& Francis}
}

@article{saxena2021generative,
  title={Generative adversarial networks (GANs) challenges, solutions, and future directions},
  author={Saxena, Divya and Cao, Jiannong},
  journal={ACM Computing Surveys (CSUR)},
  volume={54},
  number={3},
  pages={1--42},
  year={2021},
  publisher={ACM New York, NY, USA}
}

@article{goodfellow2014generative,
  title={Generative adversarial nets},
  author={Goodfellow, Ian J and Pouget-Abadie, Jean and Mirza, Mehdi and Xu, Bing and Warde-Farley, David and Ozair, Sherjil and Courville, Aaron and Bengio, Yoshua},
  journal={Advances in neural information processing systems},
  volume={27},
  year={2014}
}

@article{vaswani2017attention,
  title={Attention is all you need},
  author={Vaswani, Ashish and Shazeer, Noam and Parmar, Niki and Uszkoreit, Jakob and Jones, Llion and Gomez, Aidan N and Kaiser, {\L}ukasz and Polosukhin, Illia},
  journal={Advances in neural information processing systems},
  volume={30},
  year={2017}
}

@article{yang2023diffusion,
  title={Diffusion models: A comprehensive survey of methods and applications},
  author={Yang, Ling and Zhang, Zhilong and Song, Yang and Hong, Shenda and Xu, Runsheng and Zhao, Yue and Zhang, Wentao and Cui, Bin and Yang, Ming-Hsuan},
  journal={ACM Computing Surveys},
  volume={56},
  number={4},
  pages={1--39},
  year={2023},
  publisher={ACM New York, NY, USA}
}

@article{bryant2022improved,
  title={Improved prediction of protein-protein interactions using AlphaFold2},
  author={Bryant, Patrick and Pozzati, Gabriele and Elofsson, Arne},
  journal={Nature communications},
  volume={13},
  number={1},
  pages={1265},
  year={2022},
  publisher={Nature Publishing Group UK London}
}

@article{ji2023survey,
  title={Survey of hallucination in natural language generation},
  author={Ji, Ziwei and Lee, Nayeon and Frieske, Rita and Yu, Tiezheng and Su, Dan and Xu, Yan and Ishii, Etsuko and Bang, Ye Jin and Madotto, Andrea and Fung, Pascale},
  journal={ACM computing surveys},
  volume={55},
  number={12},
  pages={1--38},
  year={2023},
  publisher={ACM New York, NY}
}

@article{goertzel2014artificial,
  title={Artificial general intelligence: concept, state of the art, and future prospects},
  author={Goertzel, Ben},
  journal={Journal of Artificial General Intelligence},
  volume={5},
  number={1},
  pages={1},
  year={2014},
  publisher={De Gruyter Poland}
}