@article{dubey2021study,
  title = {Study and analysis of SARIMA and LSTM in forecasting time series data},
  author = {Dubey, A.K. and Kumar, A. and García-Díaz, V. and Sharma, A.K.},
  year = {2021},
  journal = {Materials Today: Proceedings},
  volume = {45},
  pages = {7308--7312},
  doi = {10.1016/j.matpr.2021.07.101}
}

@article{chen2021beyond,
  title = {Beyond catch-up: could China become the global innovation powerhouse? China’s innovation progress and challenges from a holistic innovation perspective},
  author = {Chen, Jin and Yin, Ximing and Fu, Xiaolan and McKern, Bruce},
  journal = {Industrial and Corporate Change},
  volume = {30},
  number = {4},
  pages = {1037--1064},
  year = {2021},
  publisher = {Oxford University Press},
  doi = {10.1093/icc/dtab032}
}
@article{huang2021education,
  title = {Education expenditure and economic growth: Evidence from CHINA},
  author = {Huang, Hongbin},
  journal = {Journal of Applied Economics},
  volume = {24},
  number = {1},
  pages = {530--545},
  year = {2021},
  publisher = {Taylor \& Francis},
  doi = {10.1080/15140326.2021.1975157}
}

@article{Zhou2024,
  title = {Has R\&D contributed to productivity growth in China? The role of basic, applied and experimental R\&D},
  author = {Zhou, Yixiao and Dahal, Sudyumna},
  journal = {China Economic Review},
  volume = {88},
  year = {2024},
  pages = {102281},
  doi = {10.1016/j.chieco.2024.102281}
}

@article{Chen2022,
  author = {Chen, Jun},
  title = {Venture Capital Research in China: Data and Institutional Details},
  journal = {Journal of Corporate Finance},
  year = {2022},
  month = {July},
  day = {1}
}

@article{Xu2024,
  title={Harnessing venture capital in China},
  author={Xu, Yan},
  journal={Socio-Economic Review},
  volume={22},
  number={1},
  pages={349--371},
  year={2024},
  doi={10.1093/ser/mwad037}
}

@article{WenZhao2021,
  title = {How does China’s industrial policy affect firms’ R\&D investment? Evidence from ‘Made in China 2025’},
  author = {Wen, H. and Zhao, Z.},
  journal = {Applied Economics},
  volume = {53},
  number = {55},
  pages = {6333--6347},
  year = {2021},
  doi = {10.1080/00036846.2020.1717429}
}

@article{Zuiderwijk2021,
  title = {Implications of the use of artificial intelligence in public governance: A systematic literature review and a research agenda},
  author = {Zuiderwijk, Anneke and Chen, Yu-Che and Salem, Fadi},
  journal = {Government Information Quarterly},
  volume = {38},
  number = {2},
  pages = {101577},
  year = {2021},
  doi = {10.1016/j.giq.2021.101577}
}

@article{zhang2022digital,
  author = {Zhang, Xiaoming and Yang, Tingting and Wang, Lei},
  title = {Digital Transformation, Labor Market Polarization, and Employment Dynamics in China},
  journal = {Journal of Economic Behavior \& Organization},
  volume = {197},
  pages = {522--540},
  year = {2022},
  doi = {10.1016/j.jebo.2022.03.015},
  url = {https://doi.org/10.1016/j.jebo.2022.03.015}
}

@article{wang2024impact,
  author = {Wang, Jing and Hu, Ying and Zhang, Zhiming},
  title = {The impact of artificial intelligence on employment: the role of virtual agglomeration},
  journal = {Humanities and Social Sciences Communications},
  volume = {11},
  number = {1},
  pages = {1--14},
  year = {2024},
  doi = {10.1057/s41599-023-02471-5},
  url = {https://doi.org/10.1057/s41599-023-02471-5}
}

@article{li2023rd,
  author = {Li, Xiaoming and Zhou, Ying and Wang, Jun},
  title = {R\&D innovation, industrial evolution and the labor skill structure in China manufacturing},
  journal = {Research Policy},
  volume = {52},
  number = {1},
  pages = {104672},
  year = {2023},
  doi = {10.1016/j.respol.2022.104672},
  url = {https://doi.org/10.1016/j.respol.2022.104672}
}

@article{butcher2023global,
  author = {Butcher, James and Beridze, Irakli},
  title = {Global artificial intelligence governance: A regional policy comparison and coordination challenges},
  journal = {International Journal of Law and Information Technology},
  volume = {31},
  number = {1},
  pages = {1--22},
  year = {2023},
  doi = {10.1093/ijlit/eaac026},
  url = {https://doi.org/10.1093/ijlit/eaac026}
}

@article{li2021china,
  author = {Li, Xin and Wang, Yan},
  title = {China’s High-Technology Exports in the Global Market: Trends, Challenges, and Policy Implications},
  journal = {Technological Forecasting and Social Change},
  volume = {169},
  pages = {120845},
  year = {2021},
  doi = {10.1016/j.techfore.2021.120845},
  url = {https://doi.org/10.1016/j.techfore.2021.120845}
}

@article{zhou2021technological,
  author = {Zhou, Xiao-Xiao and Cai, Zi-Ming and Tan, Kim-Hua and Zhang, Lin-ling and Du, Jun-Tao and Song, Ma-Lin},
  title = {Technological innovation and structural change for economic development in China as an emerging market},
  journal = {Technological Forecasting and Social Change},
  year = {2021},
  doi = {10.1016/j.techfore.2021.120671}
}