@article{china-engel-coefficients,
    author = {{数据基地}},
    title = {中国历年恩格尔系数(1978年-2021年)},
    url = {https://www.shujujidi.com/caijing/211.html},
    urldate = {2024-03-25},
    year = {2022}
}

@article{bisu-rural-tourism-report,
    author = {{北京第二外国语学院旅游科学学院}},
    title = {中国第一本乡村旅游绿皮书《中国乡村旅游发展报告（2022）》在京发布},
    url = {https://www.bisu.edu.cn/art/2022/12/23/art_18952_307731.html},
    urldate = {2024-03-25},
    year = {2022}
}

@article{digital-village-strategy,
    author = {{中共中央办公厅 国务院办公厅}},
    title = {中共中央办公厅 国务院办公厅印发《数字乡村发展战略纲要》},
    url = {https://www.gov.cn/zhengce/2019-05/16/content_5392269.htm},
    urldate = {2024-03-25},
    year = {2019}
}

@article{rural-revitalization-environmental-report-2022,
    title = {美好乡土，生态宜居——乡村振兴专题系列报告（环保篇）},
    journal = {证券研究报告},
    author = {严家源},
    year = {2022},
    month = {1},
    day = {19},
}

@article{china-digital-inclusion-development-report-2022,
    title = {2022年 中国城乡数字包容发展研究报告：数字化助力乡村振兴与共同富裕},
    journal = {数字农业},
    author = {中国信息通信研究院政策与经济研究所},
    year = {2021},
    month = {12},
}

@article{china-digital-rural-development-2022,
    title = {中国数字乡村发展报告（2022年）},
    journal = {数字农业},
    year = {2023},
}

@article{农质发〔2023〕5号,
    author = {农业农村部 and 国家标准化管理委员会 and 住房和城乡建设部},
    title = {乡村振兴标准化行动方案},
    journal = {农质发〔2023〕5号},
    year = {2023},
}

@article{农办科〔2023〕15号附件,
    title = {2023年农业重大引领性技术及其他相关技术列表},
    journal = {农办科〔2023〕15号附件},
    year = {2023},
}

@article{national-agricultural-green-development-plan,
    title = {十四五全国农业绿色发展规划},
    journal = {农业绿色发展},
    year = {2019},
}

@article{heywhale-dataset,
    title = {乡村振兴-生态宜居指标（2012-2020年）},
    url = {https://www.heywhale.com/mw/dataset/6445342bff981dedde2302d9/file},
    year = {2024},
    month ={3},
    day={25}
}
