@article{zhai2021review,
  title={A Review of Artificial Intelligence (AI) in Education from 2010 to 2020},
  author={Zhai, Xuesong and Chu, Xiaoyan and Chai, Ching Sing and Jong, Morris Siu Yung and Istenic, Andreja and Spector, Michael and Liu, Jia-Bao and Yuan, Jing and Li, Yan},
  journal={Complexity},
  volume={2021},
  number={1},
  pages={8812542},
  year={2021},
  publisher={Wiley Online Library}
}

@article{casal2023ai,
  title={AI literacy in K-12: a systematic literature review},
  author={Casal-Otero, Lorena and Catala, Alejandro and Fern{\'a}ndez-Morante, Carmen and Taboada, Maria and Cebreiro, Beatriz and Barro, Sen{\'e}n},
  journal={International Journal of STEM Education},
  volume={10},
  number={1},
  pages={29},
  year={2023},
  publisher={Springer}
}

@article{mahesh2020machine,
  title={Machine learning algorithms-a review},
  author={Mahesh, Batta and others},
  journal={International Journal of Science and Research (IJSR).[Internet]},
  volume={9},
  number={1},
  pages={381--386},
  year={2020}
}

@article{lecun2015deep,
  title={Deep learning},
  author={LeCun, Yann and Bengio, Yoshua and Hinton, Geoffrey},
  journal={nature},
  volume={521},
  number={7553},
  pages={436--444},
  year={2015},
  publisher={Nature Publishing Group UK London}
}

@article{glielmo2021unsupervised,
  title={Unsupervised learning methods for molecular simulation data},
  author={Glielmo, Aldo and Husic, Brooke E and Rodriguez, Alex and Clementi, Cecilia and No{\'e}, Frank and Laio, Alessandro},
  journal={Chemical Reviews},
  volume={121},
  number={16},
  pages={9722--9758},
  year={2021},
  publisher={ACS Publications}
}

@article{matsuo2022deep,
  title={Deep learning, reinforcement learning, and world models},
  author={Matsuo, Yutaka and LeCun, Yann and Sahani, Maneesh and Precup, Doina and Silver, David and Sugiyama, Masashi and Uchibe, Eiji and Morimoto, Jun},
  journal={Neural Networks},
  volume={152},
  pages={267--275},
  year={2022},
  publisher={Elsevier}
}

@article{ahmed2023deep,
  title={Deep learning modelling techniques: current progress, applications, advantages, and challenges},
  author={Ahmed, Shams Forruque and Alam, Md Sakib Bin and Hassan, Maruf and Rozbu, Mahtabin Rodela and Ishtiak, Taoseef and Rafa, Nazifa and Mofijur, M and Shawkat Ali, ABM and Gandomi, Amir H},
  journal={Artificial Intelligence Review},
  volume={56},
  number={11},
  pages={13521--13617},
  year={2023},
  publisher={Springer}
}

@incollection{jung2023concerning,
  title={Concerning Mandala Symbolism 1},
  author={Jung, Carl Gustav and Hull, RFC},
  booktitle={Collected works of CG Jung},
  pages={v9i\_357--v9i\_386},
  year={2023},
  publisher={Routledge}
}

@book{maurer2021cognitive,
  title={Cognitive science: Integrative synchronization mechanisms in cognitive neuroarchitectures of modern connectionism},
  author={Maurer, Harald},
  year={2021},
  publisher={CRC Press}
}

@article{shehadeh2024expert,
  title={An expert system for highway construction: Multi-objective optimization using enhanced particle swarm for optimal equipment management},
  author={Shehadeh, Ali and Alshboul, Odey and Al-Shboul, Khaled F and Tatari, Omer},
  journal={Expert Systems with Applications},
  volume={249},
  pages={123621},
  year={2024},
  publisher={Elsevier}
}

@article{xu2022separable,
  title={Separable multi-innovation Newton iterative modeling algorithm for multi-frequency signals based on the sliding measurement window},
  author={Xu, Ling},
  journal={Circuits, Systems, and Signal Processing},
  volume={41},
  number={2},
  pages={805--830},
  year={2022},
  publisher={Springer}
}